<record><leader>00000cas a2200000 a 4500</leader><controlfield tag="001">36921300</controlfield><controlfield tag="008">970516u1963uuuufludn ne      0    0eng c</controlfield><datafield ind1=" " ind2=" " tag="010"><subfield code="a">sn 97027801 </subfield></datafield><datafield ind1=" " ind2=" " tag="040"><subfield code="a">FUG</subfield><subfield code="b">eng</subfield><subfield code="c">FUG</subfield><subfield code="d">OCLCQ</subfield><subfield code="d">OCLCF</subfield><subfield code="d">OCLCO</subfield></datafield><datafield ind1="1" ind2=" " tag="029"><subfield code="a">AU@</subfield><subfield code="b">000013250364</subfield></datafield><datafield ind1=" " ind2=" " tag="042"><subfield code="a">pcc</subfield></datafield><datafield ind1=" " ind2=" " tag="043"><subfield code="a">n-us-fl</subfield></datafield><datafield ind1="0" ind2="0" tag="245"><subfield code="a">Manatee County call.</subfield></datafield><datafield ind1=" " ind2=" " tag="260"><subfield code="a">Bradenton, Fla. :</subfield><subfield code="b">Sarasota News Corp.,</subfield><subfield code="c">1963-</subfield></datafield><datafield ind1=" " ind2=" " tag="300"><subfield code="a">v. :</subfield><subfield code="b">ill. ;</subfield><subfield code="c">58 cm.</subfield></datafield><datafield ind1=" " ind2=" " tag="310"><subfield code="a">Daily (except Saturday)</subfield></datafield><datafield ind1="0" ind2=" " tag="362"><subfield code="a">Vol. 1, no. 279 (June 16, 1963)-</subfield></datafield><datafield ind1=" " ind2=" " tag="500"><subfield code="a">"The leader for progress in Manatee County."</subfield></datafield><datafield ind1=" " ind2=" " tag="588"><subfield code="a">Latest issue consulted: Vol. 2, no. 34 (Aug. 30, 1963).</subfield></datafield><datafield ind1=" " ind2="0" tag="651"><subfield code="a">Bradenton (Fla.)</subfield><subfield code="v">Newspapers.</subfield></datafield><datafield ind1=" " ind2="0" tag="651"><subfield code="a">Manatee County (Fla.)</subfield><subfield code="v">Newspapers.</subfield></datafield><datafield ind1=" " ind2="7" tag="655"><subfield code="a">Newspapers.</subfield><subfield code="2">fast</subfield><subfield code="0">(OCoLC)fst01423814</subfield></datafield><datafield ind1=" " ind2="7" tag="651"><subfield code="a">Florida</subfield><subfield code="z">Bradenton.</subfield><subfield code="2">fast</subfield><subfield code="0">(OCoLC)fst01213369</subfield></datafield><datafield ind1=" " ind2="7" tag="651"><subfield code="a">Florida</subfield><subfield code="z">Manatee County.</subfield><subfield code="2">fast</subfield><subfield code="0">(OCoLC)fst01211771</subfield></datafield><datafield ind1=" " ind2=" " tag="752"><subfield code="a">United States</subfield><subfield code="b">Florida</subfield><subfield code="c">Manatee</subfield><subfield code="d">Bradenton.</subfield></datafield><datafield ind1="0" ind2="0" tag="780"><subfield code="t">Bradenton Morning call</subfield><subfield code="w">(DLC)sn 97027800</subfield><subfield code="w">(OCoLC)36921299</subfield></datafield></record>